@book{SemidefiniteDuality,
  Author = {Anupam Gupta, Ryan O'Donnell},
  Title = {Linear and Semidefinite Programming: Lecture12 Semidefinite Dualityâˆ—},
  Year = {2011},
}
