@article{SemidefiniteDuality,
  author = {Anupam Gupta, Ryan O'Donnell},
  title  = {{Linear and Semidefinite Programming: Lecture12 Semidefinite Duality}},
  year   = {2011},
  note   = {\url{https://www.cs.cmu.edu/afs/cs.cmu.edu/academic/class/15859-f11/www/notes/lecture12.pdf}}
}

@article{SymmetricCone,
  author = {Bruno F. Lourenco and Tomonari Kitahara and Masakazu Muramatsu and Takashi Tsuchiya},
  title  = {An extension of Chubanov's algorithm to symmetric cones},
  year   = {2016},
  note   = {\url{http://www.optimization-online.org/DB_FILE/2016/12/5790.pdf}}
}

@article{Applications,
  author = {Levent Tun\c{c}el},
  title  = {Some Applications of Semidefinite Optimization from an Operations Research Viewpoint},
  year   = {2008},
  note   = {https://www.math.uwaterloo.ca/~ltuncel/publications/IOR-invited-survey.pdf}
}